<?xml version="1.0" encoding="UTF-8"?><record xmlns="http://www.loc.gov/MARC21/slim" xmlns:cinclude="http://apache.org/cocoon/include/1.0" xmlns:zs="http://www.loc.gov/zing/srw/">
  <leader>00679nz  a2200169n  4500</leader>
  <controlfield tag="001">nr 97027406 </controlfield>
  <controlfield tag="003">DLC</controlfield>
  <controlfield tag="005">19970807051954.6</controlfield>
  <controlfield tag="008">970805n| acannaab|          |a ana     c</controlfield>
  <datafield tag="010" ind1=" " ind2=" ">
    <subfield code="a">nr 97027406 </subfield>
  </datafield>
  <datafield tag="040" ind1=" " ind2=" ">
    <subfield code="a">NIC</subfield>
    <subfield code="c">NIC</subfield>
  </datafield>
  <datafield tag="110" ind1="2" ind2="0">
    <subfield code="a">ʻOngkān Sūan Phrưksasāt (Thailand)</subfield>
  </datafield>
  <datafield tag="410" ind1="2" ind2="0">
    <subfield code="a">Botanical Garden Organization (Thailand)</subfield>
  </datafield>
  <datafield tag="410" ind1="1" ind2="0">
    <subfield code="a">Thailand.</subfield>
    <subfield code="b">ʻOngkān Sūan Phrưksasāt</subfield>
  </datafield>
  <datafield tag="410" ind1="1" ind2="0">
    <subfield code="a">Thailand.</subfield>
    <subfield code="b">Samnak Nāyok Ratthamontrī.</subfield>
    <subfield code="b">ʻOngkān Sūan Phrưksasāt</subfield>
  </datafield>
  <datafield tag="410" ind1="2" ind2="0">
    <subfield code="a">BGO</subfield>
  </datafield>
  <datafield tag="670" ind1=" " ind2=" ">
    <subfield code="a">Its Newsletter, Jan. 1994:</subfield>
    <subfield code="b">caption (ʻOngkān Sūan Phrưksasāt; Botanical Garden Organization, Prime Minister's Office; headquarters, Chiang Mai; BGO) p. 3 (est. 1992)</subfield>
  </datafield>
</record>